=LDR  04533cas a2201081 i 4500
=001  016282563
=003  Uk
=005  20221102121932.0
=006  m\\\\\|\\d\|\\\\\\
=007  cr\|||||||||||
=008  130222c19949999mdubr\poo\\\\\0\\\a0eng\\
=015  \\$aGBB592803$2bnb
=022  0\$a1538-6899$l1080-2371$y1080-2371
=037  \\$aISSN_10802371$bPortico$nLippincott Williams & Wilkins
=040  \\$aUk$beng$cUk$erda
=042  \\$aukblsr
=082  04$a616.8$223
=130  0\$aContinuum (Minneapolis, Minn.)
=222  \0$aContinuum$b(Minneapolis, Minn : Online)
=245  10$aContinuum.
=264  \1$a[Minneapolis, MN] :$bAmerican Academy of Neurology
=264  31$a[Hagerstown] :$b[Lippincott Williams & Wilkins]
=310  \\$aBimonthly
=336  \\$atext$2rdacontent
=337  \\$acomputer$2rdamedia
=338  \\$aonline resource$2rdacarrier
=362  0\$aVolume 1(1) (December 1994)-
=500  \\$a"Lifelong learning in neurology"--table of contents page.
=500  \\$aTitle from PDF article running title (OvidSP, viewed March 28, 2013).
=500  \\$aIssues may also carry individual titles.
=540  \\$aCurrent copyright fee: GBP32.00$c20\0$5Uk
=550  \\$aA program of the American Academy of Neurology.
=588  \\$aLatest issue consulted: volume 21, issue 3 (June 2015) (Wolters Kluwer Health, viewed July 8, 2015).
=650  \0$aNeurology$vPeriodicals.
=650  \0$aNeurology$vStudy guides$vPeriodicals.
=650  \0$aNervous system$xDiseases$vPeriodicals.
=710  2\$aAmerican Academy of Neurology,$eissuing body.
=776  08$iAlso issued in print as:$aContinuum (Minneapolis, Minn.)$x1080-2371
=852  41$aBritish Library$bHMNTS$jELD Digital store$3Volume 21:Issue 1(2015)-
=852  41$aBritish Library$bDSC$j3425.720520$3Volume 20:Issue 2(2014)-Volume 26:Issue 6(2020)
=856  \\$31850-9999$uhttp://journals.lww.com$xBLDSS
=856  40$uhttp://journals.lww.com/continuum/pages/default.aspx
=859  \\$aELD$bejournal
=859  \\$aXLD$bejournal$cSFX
=945  \\$aContinuum -Minneapolis-
=959  \\$fCurrently available
=979  \\$bDSC$j3425.720520
=ACF  \\$aPrevious copyright fee: GBP29.38$c20\0$e19-feb-2013$fGBP29.38$g0$hP$5Uk
=ACF  \\$aPrevious copyright fee: GBP30.32$c20\0$e01-jul-2013$fGBP30.32$g0$hP$5Uk
=ACF  \\$aPrevious copyright fee: GBP29.38$c20\0$e01-jan-2014$fGBP29.38$g0$hP$5Uk
=ACF  \\$aPrevious copyright fee: GBP28.48$c20\0$e01-jul-2014$fGBP28.48$g0$hP$5Uk
=ACF  \\$aPrevious copyright fee: GBP30.32$c20\0$e01-apr-2015$fGBP30.32$g0$hP$5Uk
=ACF  \\$aPrevious copyright fee: GBP31.33$c20\0$e01-jul-2015$fGBP31.33$g0$hP$5Uk
=CAT  \\$a12654$b40$c20130222$lBLL01$h1236
=CAT  \\$aBATCH-UPD$b40$c20130522$lBLL01$h1718
=CAT  \\$aBATCH-CLA$b00$c20130526$lBLL01$h1616
=CAT  \\$aIPL-CLA$c20130701$lBLL01$h0156
=CAT  \\$aBATCH-UPD$b00$c20131119$lBLL01$h2009
=CAT  \\$aIPL-CLA$c20140101$lBLL01$h0209
=CAT  \\$aBATCH-UPD$b00$c20140527$lBLL01$h2037
=CAT  \\$aBATCH-CLA$c20140528$lBLL01$h1815
=CAT  \\$aIPL-CLA$c20140630$lBLL01$h1758
=CAT  \\$aBLDSS-3PM$b00$c20141116$lBLL01$h1731
=CAT  \\$aBATCH-UPD$b00$c20150219$lBLL01$h1729
=CAT  \\$aIPL-CLA$c20150331$lBLL01$h1722
=CAT  \\$a10902$b40$c20150519$lBLL01$h1620
=CAT  \\$aBATCH-UPD$b40$c20150520$lBLL01$h1739
=CAT  \\$aIPL-CLA$c20150630$lBLL01$h1719
=CAT  \\$a11205$b40$c20150708$lBLL01$h1552
=CAT  \\$a11205$b40$c20150708$lBLL01$h1553
=CAT  \\$aBATCH-UPD$b40$c20150820$lBLL01$h1825
=CAT  \\$aIPL-CLA$c20150930$lBLL01$h1847
=CAT  \\$aBATCH-UPD$b00$c20160217$lBLL01$h1713
=CAT  \\$aIPL-CLA$c20160331$lBLL01$h1811
=CAT  \\$aBATCH-UPD$b00$c20160524$lBLL01$h2159
=CAT  \\$aBATCH-UPD$b00$c20160524$lBLL01$h2305
=CAT  \\$aW1711-1005$c20171206$lBLL01$h1825
=CAT  \\$a12654$b40$c20221102$lBLL01$h1216
=CAT  \\$a12654$b40$c20221102$lBLL01$h1219
=CFI  0\$aCurrent copyright fee: GBP32.00$c20\0$e01-apr-2016$fGBP32.00$g0$hP$5Uk
=CFI  2\$aPrevious copyright fee: GBP30.32$c20\0$e01-oct-2015$fGBP30.32$g0$hP$5Uk
=EST  \\$a1
=FFP  \\$aY$bBLDSS-3PM
=FFP  \\$aY$bSFX
=FIN  \\$aY$d20130404
=FMT  \\$a  SE
=LAS  \\$a12654$b40$c20221102$lBLL01$h1219
=LET  \0$aContinuum (Electronic)
=LKR  \\$aPAR$b005438580$lBLL01$mContinuum (Minneapolis, Minn : Online)$nContinuum (Minneapolis, Minn.)
=MNI  \\$a1080-2371
=TCO  \\$aTRS$bCCC$c008
=TOC  \\$aETOC
=UNO  \\$aY
